@book{Patterson:2013:COD:2568134,
    author = {Patterson, David A. and Hennessy, John L.},
    title = {Computer Organization and Design, Fifth Edition: The Hardware/Software Interface},
    year = {2013},
    isbn = {0124077269, 9780124077263},
    edition = {5th},
    publisher = {Morgan Kaufmann Publishers Inc.},
    address = {San Francisco, CA, USA},
}
@MANUAL {MIPS1A,
    title        = "MIPS Architecture For Programmers Volume I-A: Introduction to the MIPS32 Architecture",
    organization = "MIPS Technologies, Inc.",
    address      = "955 East Arques Avenue Sunnyvale, CA 94085-4521",
    edition      = "Revision 3.02",
    month        = "mar",
    year         = "2011"
}
@MANUAL {MIPS2A,
    title        = "MIPS Architecture For Programmers Volume II-A: The MIPS32 Instruction Set",
    organization = "MIPS Technologies, Inc.",
    address      = "955 East Arques Avenue Sunnyvale, CA 94085-4521",
    edition      = "Revision 3.02",
    month        = "mar",
    year         = "2011"
}
@MANUAL {MIPS3,
    title        = "MIPS Architecture For Programmers Volume III: The MIPS32 and microMIPS32 Privileged Resource Architecture",
    organization = "MIPS Technologies, Inc.",
    address      = "955 East Arques Avenue Sunnyvale, CA 94085-4521",
    edition      = "Revision 3.02",
    month        = "mar",
    year         = "2011"
}